@phdthesis{buchholz10framework,
    address = {M{\"{u}}nchen},
    author = {Buchholz, Martin},
    institution = {Institut f{\"{u}}r Informatik, Technische Universit{\"{a}}t M{\"{u}}nchen},
    month = aug,
    organization = {Institut f{\"{u}}r Informatik, Technische Universit{\"{a}}t M{\"{u}}nchen},
    publisher = {Verlag Dr. Hut},
    school = {Institut f{\"{u}}r Informatik, Technische Universit{\"{a}}t M{\"{u}}nchen},
    title = {Framework zur Parallelisierung von Molekulardynamiksimulationen in verfahrenstechnischen Anwendungen},
    type = {Dissertation},
    year = {2010},
    ISBN = {9783868535532},
    URL = {http://www5.in.tum.de/pub/buchholz_dissertation10.pdf}
}
@mastersthesis{orend10numerische,
    author = {Orend, Kai},
    institution = {Institut f{\"{u}}r Informatik, Technische Universit{\"{a}}t M{\"{u}}nchen},
    month = sep,
    organization = {Institut f{\"{u}}r Informatik, Technische Universit{\"{a}}t M{\"{u}}nchen},
    school = {Institut f{\"{u}}r Informatik, Technische Universit{\"{a}}t M{\"{u}}nchen},
    title = {{N}umerische {A}spekte bei {M}olekulardynamik-{S}imulationen - {B}eschleunigung durch {G}raphikkarten},
    type = {Studienarbeit/SEP/IDP},
    year = {2010},
    URL = {http://www5.in.tum.de/pub/orend2010.pdf}
}
@manual{cuda11progguide,
  author = {{NVIDIA Corporation}},
  note = {Version 4.0},
  title = {{NVIDIA CUDA C} Programming Guide},
  year = 2011,
  timestamp = {2011-05-06T13:22:35.000+0200},
  keywords = {CUDA},
  URL = {http://developer.download.nvidia.com/compute/DevZone/docs/html/C/doc/CUDA_C_Programming_Guide.pdf}
}
@manual{cuda11bestpract,
  author = {{NVIDIA Corporation}},
  note = {Version 4.0},
  title = {{NVIDIA CUDA C} Best Practices Guide},
  year = 2011,
  timestamp = {2011-05-06T13:22:35.000+0200},
  keywords = {CUDA},
  URL = {http://developer.download.nvidia.com/compute/DevZone/docs/html/C/doc/CUDA_C_Best_Practices_Guide.pdf}
}
@inproceedings{volkov10,
    author  = "Volkov, V.",
    title   = "Better performance at lower occupancy",
    publisher = "Presented at the GPU Technology Conference 2010 (GTC 2010)",
    year    = 2010,
    URL = {http://www.cs.berkeley.edu/~volkov/volkov10-GTC.pdf}
}

@inproceedings{DBLP:conf/ispass/WongPSM10,
  author    = {Henry Wong and
               Misel-Myrto Papadopoulou and
               Maryam Sadooghi-Alvandi and
               Andreas Moshovos},
  title     = {Demystifying GPU microarchitecture through microbenchmarking},
  booktitle = {ISPASS},
  year      = {2010},
  pages     = {235-246},
  ee        = {http://dx.doi.org/10.1109/ISPASS.2010.5452013},
  crossref  = {DBLP:conf/ispass/2010},
  bibsource = {DBLP, http://dblp.uni-trier.de},
  URL = {http://www.stuffedcow.net/research/cudabmk}
}
@proceedings{DBLP:conf/ispass/2010,
  title     = {IEEE International Symposium on Performance Analysis of
               Systems and Software, ISPASS 2010, www.ispass.org, 28-30
               March 2010, White Plains, NY, USA},
  booktitle = {ISPASS},
  publisher = {IEEE Computer Society},
  year      = {2010},
  isbn      = {978-1-4244-6022-9},
  bibsource = {DBLP, http://dblp.uni-trier.de}
}

@inproceedings{cudaDMA,
  author    = {Michael Bauer and
               Henry Cook and
               Brucek Khailany},
  title     = {CudaDMA: Optimizing GPU Memory Bandwidth via Warp Specialization},
  publisher = "Presented at the International Conference on Super Computing 2011",
  year    = 2011,
  URL = {www.stanford.edu/~mebauer/pdfs/cudadma-sc11.pdf}
}